%
% APA format
%

@article{pearson1901liii,
  title={LIII. On lines and planes of closest fit to systems of points in space},
  author={Pearson, Karl},
  journal={The London, Edinburgh, and Dublin Philosophical Magazine and Journal of Science},
  volume={2},
  number={11},
  pages={559--572},
  year={1901},
  publisher={Taylor \& Francis}
}
@inproceedings{vasilescu2002multilinear,
  title={Multilinear analysis of image ensembles: Tensorfaces},
  author={Vasilescu, M Alex O and Terzopoulos, Demetri},
  booktitle={European conference on computer vision},
  pages={447--460},
  year={2002},
  organization={Springer}
}
@article{kilmer2008third,
  title={A third-order generalization of the matrix svd as a product of third-order tensors},
  author={Kilmer, Misha E and Martin, Carla D and Perrone, Lisa},
  journal={Tufts University, Department of Computer Science, Tech. Rep. TR-2008-4},
  year={2008}
}
@article{kilmer2011factorization,
  title={Factorization strategies for third-order tensors},
  author={Kilmer, Misha E and Martin, Carla D},
  journal={Linear Algebra and its Applications},
  volume={435},
  number={3},
  pages={641--658},
  year={2011},
  publisher={Elsevier}
}
@article{kilmer2013third,
  title={Third-order tensors as operators on matrices: A theoretical and computational framework with applications in imaging},
  author={Kilmer, Misha E and Braman, Karen and Hao, Ning and Hoover, Randy C},
  journal={SIAM Journal on Matrix Analysis and Applications},
  volume={34},
  number={1},
  pages={148--172},
  year={2013},
  publisher={SIAM}
}
@article{kolda2001orthogonal,
  title={Orthogonal tensor decompositions},
  author={Kolda, Tamara G},
  journal={SIAM Journal on Matrix Analysis and Applications},
  volume={23},
  number={1},
  pages={243--255},
  year={2001},
  publisher={SIAM}
}
@article{hao2013facial,
  title={Facial recognition using tensor-tensor decompositions},
  author={Hao, Ning and Kilmer, Misha E and Braman, Karen and Hoover, Randy C},
  journal={SIAM Journal on Imaging Sciences},
  volume={6},
  number={1},
  pages={437--463},
  year={2013},
  publisher={SIAM}
}
@article{kolda2009tensor,
  title={Tensor decompositions and applications},
  author={Kolda, Tamara G and Bader, Brett W},
  journal={SIAM review},
  volume={51},
  number={3},
  pages={455--500},
  year={2009},
  publisher={SIAM}
}
@article{chen2009tensor,
  title={On the tensor SVD and the optimal low rank orthogonal approximation of tensors},
  author={Chen, Jie and Saad, Yousef},
  journal={SIAM journal on Matrix Analysis and Applications},
  volume={30},
  number={4},
  pages={1709--1734},
  year={2009},
  publisher={SIAM}
}
@article{bader2012matlab,
  title={Matlab tensor toolbox version 2.5},
  author={Bader, Brett W and Kolda, Tamara G and others},
  journal={Available online, January},
  volume={7},
  year={2012}
}
@inproceedings{lu2016tensor,
  title={Tensor robust principal component analysis: Exact recovery of corrupted low-rank tensors via convex optimization},
  author={Lu, Canyi and Feng, Jiashi and Chen, Yudong and Liu, Wei and Lin, Zhouchen and Yan, Shuicheng},
  booktitle={Proceedings of the IEEE conference on computer vision and pattern recognition},
  pages={5249--5257},
  year={2016}
}
@inproceedings{wright2009robust,
  title={Robust principal component analysis: Exact recovery of corrupted low-rank matrices via convex optimization},
  author={Wright, John and Ganesh, Arvind and Rao, Shankar and Peng, Yigang and Ma, Yi},
  booktitle={Advances in neural information processing systems},
  pages={2080--2088},
  year={2009}
}
@article{candes2011robust,
  title={Robust principal component analysis?},
  author={Cand{\`e}s, Emmanuel J and Li, Xiaodong and Ma, Yi and Wright, John},
  journal={Journal of the ACM (JACM)},
  volume={58},
  number={3},
  pages={1--37},
  year={2011},
  publisher={ACM New York, NY, USA}
}
